<?xml version="1.0" encoding="UTF-8"?><collection xmlns="http://www.loc.gov/MARC21/slim"><record><leader>00485nam--2200181-u-4500</leader><controlfield tag="001">000052558</controlfield><controlfield tag="002">20161230</controlfield><controlfield tag="005">20161230201050</controlfield><controlfield tag="008">100907s1000------------r-----000-0-cze-d</controlfield><datafield ind1=" " ind2=" " tag="040"><subfield code="a">IFIN-HH</subfield></datafield><datafield ind1=" " ind2=" " tag="041"><subfield code="a">cze</subfield></datafield><datafield ind1=" " ind2=" " tag="080"><subfield code="a">533.694.51</subfield></datafield><datafield ind1="1" ind2=" " tag="100"><subfield code="a">Janour, Zbynek</subfield></datafield><datafield ind1="1" ind2="0" tag="245"><subfield code="a">Molecularni teorie proudeni plynu</subfield><subfield code="b">Od kineticke teorie plunu k aerodynamice</subfield><subfield code="c">Zbynek Janour</subfield></datafield><datafield ind1=" " ind2=" " tag="260"><subfield code="a">Praha</subfield><subfield code="b">Academia</subfield><subfield code="c">1983</subfield></datafield><datafield ind1=" " ind2=" " tag="300"><subfield code="a">260 p</subfield></datafield><datafield ind1=" " ind2=" " tag="852"><subfield code="a">72383</subfield><subfield code="c">533.6</subfield></datafield><datafield ind1=" " ind2=" " tag="CAT"><subfield code="a">Sys</subfield><subfield code="c">20100907</subfield><subfield code="h">154054</subfield></datafield></record></collection>